@article{Paluska12,
author = {Scott A. Paluska},
title = {Physical Activity and Mental Health},
journal = {Sports Med},
year={2012},
}

@article{Harvard10,
author = {Medical School Harvard},
title = {Walking: Your steps to health},
journal = {Harvard Men's Health Watch},
year={2010},
}

@article{Shan08,
author = {Yaso Shan},
title = {Tackling the obesity crisis in the UK},
journal = {Primary Health Care},
volume = {18},
issue = {8},
year={2008},
}

@article{Wallis21,
author = {William Wallis},
title = {The UK mental health crisis coming in Covid’s wake},
journal = {The Financial Times},
year={2021},
}

@article{Iqbal21,
author = {Mansoor Iqbal},
title = {Pokémon GO Revenue and Usage Statistics (2020)},
journal = {Business of Apps},
year={2021},
}

@article{Perez20,
author = {Sarah Perez},
title = {Coronavirus impact sends app downloads, usage and consumer spending to record highs in Q2},
journal = {Join Extra Crunch},
year={2020},
}

@misc{NHS19,
author = {NHS},
title = {Overview Obesity},
howpublished = {\url{https://www.nhs.uk/conditions/obesity/}},
year={2019},
note = {Accessed: 14-03-2021}
}

@misc{Diabetes21,
author = {{Diabetes Canada}},
title = {Body Mass Index (BMI) Calculator},
howpublished = {\url{https://www.diabetes.ca/managing-my-diabetes/tools---resources/body-mass-index-(bmi)-calculator#:~:text=Body\%20Mass\%20Index\%20is\%20a,most\%20adults\%2018\%2D65\%20years.}},
year={2021},
note = {Accessed: 14-03-2021}
}

@article{Frezza08,
author = {Eldo E. Frezza and Mitchell S. Wachtel },
title = {The economic impact of morbid obesity},
journal = {Surgical Endoscopy},
year={2008},
}

@misc{PHE17,
author = {{Public Health England}},
title = {Scale of the obesity problem},
howpublished = {\url{https://www.gov.uk/government/publications/health-matters-obesity-and-the-food-environment/health-matters-obesity-and-the-food-environment--2#:~:text=More\%20broadly\%2C\%20obesity\%20has\%20a,\%C2\%A349.9\%20billion\%20per\%20year.}},
year={2017},
note = {Accessed: 15-03-2021}
}

@article{Bice15,
author = {Matthew R. Bice and James W. Ball and Steve McClaran },
title = {Technology and physical activity motivation},
journal = {International Journal of Sport and Exercise Psychology},
year={2015},
}

@article{Leorke19,
author = {Dale Leorke},
title = {A Definition and Brief History of Location-Based Games (2001–08)},
journal = {Location-Based Gaming},
year={2019},
}

@article{Huang18,
author = {Haosheng Huang},
title = {Location based services: ongoing evolution and research agenda},
journal = {Journal of Location Based Services},
year={2018},
}

@book{Gordon11,
author={Eric Gordon and Adriana De Souza e Silva},
title={Net Locality: Why Location Matters in a Networked World},
year={2011},
publisher={Wiley-Blackwell}
}

@article{Jacob10,
author = {João Tiago Pinheiro Neto Jacob and António Fernando Coelho},
title = {Issues in the Development of Location-Based Games},
journal = {International Journal of Computer Games Technology},
year={2010},
}

@misc{Guardian02,
author = {Sean Dodson},
title = {Ready, aim, text},
howpublished = {\url{https://www.theguardian.com/technology/2002/aug/15/electronicgoods.games}},
year={2002},
note = {Accessed: 17-03-2021}
}

@misc{Geocaching17,
author = {Geocaching},
title = {What is Geocaching?},
howpublished = {\url{https://www.youtube.com/watch?v=vuFiLhhCNww\&t=66s\&ab_channel=Geocaching}},
year = {2017},
note = {Acessed: 17-03-2021}}

@misc{Techspot19,
author = {Rob Thubron},
title = {Pokémon Go has now been downloaded over one billion times},
howpublished = {\url{https://www.techspot.com/news/81246-pokmon-go-has-now-downloaded-over-one-billion.html#:~:text=Over\%20half\%20those\%20downloads\%20came,people\%20are\%20playing\%20Pok\%C3\%A9mon\%20Go.}},
year={2019},
note = {Accessed: 21-03-2021}
}

@misc{Verge19,
author = {Chaim Gartenberg},
title = {Harry Potter: Wizards Unite is missing the Pokémon Go magic},
howpublished = {\url{https://www.theverge.com/2019/6/25/18716146/harry-potter-wizards-unite-pokemon-go-review-ar-augmented-reality-game-foundable}},
year={2019},
note = {Accessed: 21-03-2021}
}

@article{Pellegrini20,
author = {Mariana Pellegrini},
title = {Changes in Weight and Nutritional Habits in Adults with Obesity during the “Lockdown” Period Caused by the COVID-19 Virus Emergency},
journal = {Nutrients},
year={2020},
}

@report{Sydow20,
author= {Lexi Sydow},
title = {How COVID-19 Has Changed Consumer Behavior on Mobile Forever},
institution = {App Annie},
year = {2020}
}

@misc{Francis20,
author = {Bryant Francis},
title = {How Pokemon Go evolved in response to the COVID-19 pandemic},
howpublished = {\url{https://www.gamasutra.com/view/news/367428/How_Pokemon_Go_evolved_in_response_to_the_COVID19_pandemic.php}},
year={2020},
note = {Accessed: 22-03-2021}
}

@misc{Eriksson12,
author = {Ulf Eriksson},
title = {Why is the difference between functional and Non-functional requirements important?},
howpublished = {\url{https://reqtest.com/requirements-blog/functional-vs-non-functional-requirements/\#:~:text=What\%20are\%20those\%2C\%20and\%20how,what\%20the\%20system\%20should\%20do.}},
year={2012},
note = {Accessed: 29-03-2021}
}

@misc{moscow21,
author = {{Agile Business Consortium}},
title = {Chapter 10: MoSCoW Prioritisation},
howpublished = {\url{https://www.agilebusiness.org/page/ProjectFramework_10_MoSCoWPrioritisation}},
year={2021},
note = {Accessed: 30-03-2021}
}

@book{Anguel20,
author = {Anguel S. Hristozov},
title = {Prediciting social anxiety with application session usage data},
year = {2020},
note = {Student dissertation, not available online}
}

@article{Solarski13,
author = {Chris Solarski},
title = {The Aesthetics of Game Art and Game Design},
journal = {Gamasutra},
year={2013},
}

@online{draw21,
author = {Draw.io},
title = {Draw.io Website},
year = {2021},
url = {https://app.diagrams.net/}
}

@online{mat21,
author = {{Material Design}},
title = {Understanding navigation},
year = {2021},
url = {https://material.io/design/navigation/understanding-navigation.html}
}

@online{datetime21,
author = {{Python Documentation}},
title = {datetime — Basic date and time types},
year = {2021},
url = {https://docs.python.org/3/library/datetime.html}
}

@article{Cohen20,
author = {Jason Cohen},
title = {iOS More Popular in Japan and US, Android Dominates in China and India},
journal = {PCMag},
year={2020},
}

@article{Jansen20,
author = {Jason Cohen},
title = {iOS More Popular in Japan and US, Android Dominates in China and India},
journal = {PCMag},
year={2020},
}

@article{Sinicki20,
author = {Adam Sinicki},
title = {How to create non-game apps in Unity},
journal = {Android Authority},
year={2020},
}

@article{Bulatovych19,
author = {Daria Bulatovych},
title = {Best Mapping Solution for Logistics: Mapbox versus Google Maps},
journal = {Yalantis},
year={2019},
}

@online{mapbox21,
author = {{Mapbox}},
title = {Mapbox Unity SDK Changelog},
year = {2021},
url = {https://docs.mapbox.com/mapbox-unity-sdk/docs/05-changelog.html\#v100}
}

@article{Elliot15,
author = {Andrew J. Elliot},
title = {Color and psychological functioning: a review of theoretical and empirical work},
journal = {Frontiers in Psychology},
year={2015},
}

@article{Dong19,
author = {Rui Dong},
title = {Minimalist Style of UI Interface Design in the Age of Self-Media},
year={2019},
}

@article{Sullivan16,
author = {Alycia N. Sullivan and Margie E. Lachman},
title = {Behavior Change with Fitness Technology in Sedentary Adults: A Review of the Evidence for Increasing Physical Activity},
journal = {Front Public Health},
year={2016},
}